<collection xmlns="http://www.loc.gov/MARC21/slim">
   <record>
      <leader>04709cam a2200553 i 4500</leader>
      <controlfield tag="001">6804960</controlfield>
      <controlfield tag="003">OCoLC</controlfield>
      <controlfield tag="005">20150303110041.0</controlfield>
      <controlfield tag="008">140422t20152015enkab    b    001 0deng  </controlfield>
      <datafield ind1=" " ind2=" " tag="010">
         <subfield code="a">  2014013877</subfield>
      </datafield>
      <datafield ind1=" " ind2=" " tag="015">
         <subfield code="a">GBB4C5604</subfield>
         <subfield code="2">bnb</subfield>
      </datafield>
      <datafield ind1="7" ind2=" " tag="016">
         <subfield code="a">016938712</subfield>
         <subfield code="2">Uk</subfield>
      </datafield>
      <datafield ind1=" " ind2=" " tag="020">
         <subfield code="a">9780195395471 (hardcover : acid-free paper)</subfield>
      </datafield>
      <datafield ind1=" " ind2=" " tag="020">
         <subfield code="a">0195395476 (hardcover : acid-free paper)</subfield>
      </datafield>
      <datafield ind1=" " ind2=" " tag="035">
         <subfield code="a">ocn878812697</subfield>
      </datafield>
      <datafield ind1=" " ind2=" " tag="039">
         <subfield code="a">exclude</subfield>
      </datafield>
      <datafield ind1=" " ind2=" " tag="040">
         <subfield code="a">DLC</subfield>
         <subfield code="b">eng</subfield>
         <subfield code="e">rda</subfield>
         <subfield code="c">DLC</subfield>
         <subfield code="d">OCLCO</subfield>
         <subfield code="d">BDX</subfield>
         <subfield code="d">OCLCO</subfield>
         <subfield code="d">CUY</subfield>
         <subfield code="d">YDXCP</subfield>
         <subfield code="d">BTCTA</subfield>
         <subfield code="d">UKMGB</subfield>
         <subfield code="d">CDX</subfield>
         <subfield code="d">AEU</subfield>
      </datafield>
      <datafield ind1=" " ind2=" " tag="042">
         <subfield code="a">pcc</subfield>
      </datafield>
      <datafield ind1=" " ind2=" " tag="043">
         <subfield code="a">n-us---</subfield>
      </datafield>
      <datafield ind1="0" ind2="0" tag="050">
         <subfield code="a">E855</subfield>
         <subfield code="b">.S26 2015</subfield>
      </datafield>
      <datafield ind1="0" ind2="0" tag="082">
         <subfield code="a">327.73009/047</subfield>
         <subfield code="2">23</subfield>
      </datafield>
      <datafield ind1=" " ind2=" " tag="084">
         <subfield code="a">HIS037080</subfield>
         <subfield code="a">HIS036070</subfield>
         <subfield code="a">POL010000</subfield>
         <subfield code="2">bisacsh</subfield>
      </datafield>
      <datafield ind1=" " ind2=" " tag="090">
         <subfield code="a">E855 .S26 2015</subfield>
         <subfield code="b">AEGMCT</subfield>
      </datafield>
      <datafield ind1="1" ind2=" " tag="100">
         <subfield code="a">Sargent, Daniel J.,</subfield>
         <subfield code="e">author.</subfield>
         <subfield code="0">http://id.loc.gov/authorities/names/n2014021954</subfield>
         <subfield code="0">http://viaf.org/viaf/308229750</subfield>
      </datafield>
      <datafield ind1="1" ind2="2" tag="245">
         <subfield code="a">A superpower transformed :</subfield>
         <subfield code="b">the remaking of American foreign relations in the 1970s /</subfield>
         <subfield code="c">Daniel J. Sargent.</subfield>
      </datafield>
      <datafield ind1=" " ind2="1" tag="264">
         <subfield code="a">Oxford :</subfield>
         <subfield code="b">Oxford University Press,</subfield>
         <subfield code="c">[2015]</subfield>
      </datafield>
      <datafield ind1=" " ind2="4" tag="264">
         <subfield code="c">©2015</subfield>
      </datafield>
      <datafield ind1=" " ind2=" " tag="300">
         <subfield code="a">xv, 432 pages :</subfield>
         <subfield code="b">illustrations, map ;</subfield>
         <subfield code="c">25 cm</subfield>
      </datafield>
      <datafield ind1=" " ind2=" " tag="336">
         <subfield code="a">text</subfield>
         <subfield code="b">txt</subfield>
         <subfield code="2">rdacontent</subfield>
         <subfield code="0">http://id.loc.gov/vocabulary/contentTypes/txt</subfield>
      </datafield>
      <datafield ind1=" " ind2=" " tag="337">
         <subfield code="a">unmediated</subfield>
         <subfield code="b">n</subfield>
         <subfield code="2">rdamedia</subfield>
         <subfield code="0">http://id.loc.gov/vocabulary/mediaTypes/n</subfield>
      </datafield>
      <datafield ind1=" " ind2=" " tag="338">
         <subfield code="a">volume</subfield>
         <subfield code="b">nc</subfield>
         <subfield code="2">rdacarrier</subfield>
         <subfield code="0">http://id.loc.gov/vocabulary/carriers/nc</subfield>
      </datafield>
      <datafield ind1=" " ind2=" " tag="504">
         <subfield code="a">Includes bibliographical references (pages 371-407) and index.</subfield>
      </datafield>
      <datafield ind1="0" ind2=" " tag="505">
         <subfield code="a">Pax Americana -- Part I. Reaching Backward -- In Pursuit of Primacy -- Geopolitics and Humanitarianism -- The Dollar and Decline -- Oil Shocked -- Part II. Stumbling Forward -- Managing Interdependence -- Human Rights and Détente -- World Order Politics -- The Revenge of Geopolitics.</subfield>
      </datafield>
      <datafield ind1="2" ind2=" " tag="520">
         <subfield code="a">"During the 1970s, American foreign policy faced a predicament of clashing imperatives--U.S. decision makers, already struggling to maintain stability and devise strategic frameworks to guide the exercise of American power during the Cold War, found themselves hampered by the emergence of dilemmas that would come to a head in the post-Cold War era. Their choices proved to be of enormous consequence for the development of American foreign policy in the final decades of the twentieth century and beyond. In A Superpower Transformed, historian Daniel J. Sargent chronicles how policymakers across three administrations worked to manage complex international changes in a tumultuous era. Drawing on many newly-released archival documents and interviews with key figures, including President Jimmy Carter and Dr. Zbigniew Brzezinski, Sargent explores the collision of geopolitics and globalization that pervaded the decade. From the Nixon administration's efforts to stabilize a faltering Pax Americana; to Henry Kissinger's attempts to devise new strategies to manage or mitigate the consequences of economic globalization after the oil crisis of 1973-74; to the Carter administration's embrace of human rights promotion as a central task for foreign policy, Sargent explores the challenges that afflicted US policymakers in the 1970s, offering new insights into the complexities that emerged as the new forces of globalization and human rights transformed the United States as a superpower. A sweeping reinterpretation of a pivotal era, A Superpower Transformed is a must-read for anyone interested in U.S. foreign relations, American politics, globalization, economic policy, human rights, and contemporary American history"--</subfield>
         <subfield code="c">Provided by publisher.</subfield>
      </datafield>
      <datafield ind1=" " ind2=" " tag="596">
         <subfield code="a">29</subfield>
      </datafield>
      <datafield ind1=" " ind2="0" tag="650">
         <subfield code="a">Presidents</subfield>
         <subfield code="z">United States</subfield>
         <subfield code="x">History</subfield>
         <subfield code="y">20th century.</subfield>
         <subfield code="0">http://id.loc.gov/authorities/subjects/sh2008109605</subfield>
      </datafield>
      <datafield ind1=" " ind2="0" tag="650">
         <subfield code="a">Statesmen</subfield>
         <subfield code="z">United States</subfield>
         <subfield code="x">History</subfield>
         <subfield code="y">20th century.</subfield>
      </datafield>
      <datafield ind1=" " ind2="0" tag="650">
         <subfield code="a">Great powers</subfield>
         <subfield code="x">History</subfield>
         <subfield code="y">20th century.</subfield>
      </datafield>
      <datafield ind1=" " ind2="0" tag="650">
         <subfield code="a">Geopolitics</subfield>
         <subfield code="x">History</subfield>
         <subfield code="y">20th century.</subfield>
      </datafield>
      <datafield ind1=" " ind2="0" tag="650">
         <subfield code="a">Cold War.</subfield>
         <subfield code="0">http://id.loc.gov/authorities/subjects/sh88005637</subfield>
      </datafield>
      <datafield ind1=" " ind2="0" tag="650">
         <subfield code="a">World politics</subfield>
         <subfield code="y">1945-1989.</subfield>
         <subfield code="0">http://id.loc.gov/authorities/subjects/sh85148225</subfield>
      </datafield>
      <datafield ind1=" " ind2="0" tag="651">
         <subfield code="a">United States</subfield>
         <subfield code="x">Foreign relations</subfield>
         <subfield code="y">1969-1974.</subfield>
         <subfield code="0">http://id.loc.gov/authorities/subjects/sh85140102</subfield>
      </datafield>
      <datafield ind1=" " ind2="0" tag="651">
         <subfield code="a">United States</subfield>
         <subfield code="x">Foreign relations</subfield>
         <subfield code="y">1974-1977.</subfield>
         <subfield code="0">http://id.loc.gov/authorities/subjects/sh85140103</subfield>
      </datafield>
      <datafield ind1=" " ind2="0" tag="651">
         <subfield code="a">United States</subfield>
         <subfield code="x">Foreign relations</subfield>
         <subfield code="y">1977-1981.</subfield>
         <subfield code="0">http://id.loc.gov/authorities/subjects/sh85140104</subfield>
      </datafield>
      <datafield ind1=" " ind2="0" tag="651">
         <subfield code="a">United States</subfield>
         <subfield code="x">Foreign relations</subfield>
         <subfield code="x">Decision making.</subfield>
      </datafield>
      <datafield ind1=" " ind2=" " tag="758">
         <subfield code="0">http://worldcat.org/entity/work/id/23679816</subfield>
      </datafield>
      <datafield ind1="0" ind2=" " tag="787">
         <subfield code="n">OCLC Work Id</subfield>
         <subfield code="o">http://worldcat.org/entity/work/id/23679816</subfield>
      </datafield>
      <datafield ind1=" " ind2=" " tag="949">
         <subfield code="a">E855 .S26 2015</subfield>
         <subfield code="h">GMCT-OS-B</subfield>
         <subfield code="i">1007403114</subfield>
         <subfield code="p">42.54</subfield>
         <subfield code="k">AVAIL_SOON</subfield>
      </datafield>
      <datafield ind1=" " ind2=" " tag="926">
         <subfield code="a">E855 .S26 2015</subfield>
         <subfield code="w">LC</subfield>
         <subfield code="c">1</subfield>
         <subfield code="i">1007403114</subfield>
         <subfield code="d">4/4/2017</subfield>
         <subfield code="e">3/14/2017</subfield>
         <subfield code="l">ON_SHELF</subfield>
         <subfield code="m">GR_MACEWAN</subfield>
         <subfield code="n">2</subfield>
         <subfield code="p">$42.54</subfield>
         <subfield code="r">Y</subfield>
         <subfield code="s">Y</subfield>
         <subfield code="t">BOOK</subfield>
         <subfield code="u">3/10/2015</subfield>
      </datafield>
   </record>
</collection>
